
@misc{cite9,
	Title = "Print your own Yoda at home for \$499: 3D printers become affordable",
	Month = "April",
	Year = "2013",
	note = " \url{http://www.itworld.com/353914/print-your-own-yoda-home-499-3d-printers-become-affordable}"}

@misc{cite8,
	Title = "How Kinect and Kinect Fusion (Kinfu) Works",
	Month = "December",
	Year = "2011",
	note =  "\url{http://razorvision.tumblr.com/post/15039827747/how-kinect-and-kinect-fusion-kinfu-work}"}

@article{cite7,
	Author = {Lesliei Gordon},
	Date-Added = {2013-03-10 14:40:26 +0000},
	Date-Modified = {2013-03-10 14:42:04 +0000},
	Journal = {Machine Design},
	Title = {The changing face of 3D printing},
	Year = {2013}}

@article{cite6,
	Author = {Richard A. D'Aveni},
	Date-Added = {2013-03-10 14:40:26 +0000},
	Date-Modified = {2013-03-10 14:42:04 +0000},
	Journal = {Harvard Business Review},
	Title = {3-D Printing Will Change the World},
	Year = {2013}}

@article{cite5,
	Author = {Ashlee Vance},
	Date-Added = {2013-03-10 14:40:26 +0000},
	Date-Modified = {2013-03-10 14:42:04 +0000},
	Journal = {New York TImes},
	Title = {3-D Printing Spurs a Manufacturing Revolution},
	Year = {2010}}

@article{cite4,
	Author = {Shahram Izadi, David Kim, Otmar Hilliges, David Molyneaux, Richard Newcombe, Pushmeet Kohli, Jamie Shotton, Steve Hodges, Dustin Freeman, Andrew Davison, and Andrew Fitzgibbon},
	Date-Added = {2013-02-17 23:42:28 +0000},
	Date-Modified = {2013-02-17 23:43:53 +0000},
	Journal = {ACM Symposium on User Interface Software and Technology},
	Title = {KinectFusion: Real-time 3D Reconstruction and Interaction Using a Moving Depth Camera},
	Year = {2011}}

@book{cite3,
	Author = {Jing Tong, Jin Zhou, Ligang Liu, Zhigeng Pan, and Hao Yan},
	Date-Added = {2013-02-16 22:21:25 +0000},
	Date-Modified = {2013-02-17 23:42:26 +0000},
	Publisher = {IEEE TRANSACTIONS ON VISUALIZATION AND COMPUTER GRAPHICS,},
	Title = {Scanning 3D Full Human Bodies Using Kinects},
	Volume = {18},
	Year = {APRIL 2012}}

@book{cite2,
	Author = {Jong-Hyun Kim, Kangsun Lee, Satoshi Tanaka, Soo-Hyun Park},
	Date-Added = {2013-02-16 22:19:43 +0000},
	Date-Modified = {2013-02-16 22:21:15 +0000},
	Publisher = {Springer Japan},
	Title = {Advanced Methods, Techniques, and Applications in Modeling and Simulation},
	Year = {2012}}

@book{cite1,
	Date-Added = {2013-02-16 22:15:17 +0000},
	Date-Modified = {2013-02-16 22:23:03 +0000},
	Editor = {Andrea Fossati, Juergen Gall, Helmut Grabner, Xiaofeng Ren, Kurt Konolige},
	Publisher = {Springer-Verlag London},
	Title = {Consumer Depth Cameras for Computer Vision Research Topics and Applications},
	Year = {2013}}
